@article{Ali2015,
        author = {Ali, Mohamed Kamal 
            Ahmed and Xianjun, Hou},
        doi = {10.1515/ntrev-2015-0031},
        journal = {Nanotechnology 
            Reviews},
        number = {4},
        pages = {347--358},
        title = {Simplified article
            title},
        volume = {4},
        year = {2015
    }


@ARTICLE{Figueredo:2009dg,
	author = {Figueredo, A.~J. and Wolf, P. S.~A.},
	title = {Assortative pairing and life history strategy - a cross-cultural study.},
	journal = {Human Nature},
	volume = {20},
	pages = {317-330},
	year = {2009}
}

@BOOK{Smith:2012qr,
	title = {{B}ook {T}itle},
	publisher = {Publisher},
	author = {Smith, J.~M. and Jones, A.~B.},
	year = {2012},
	edition = {7th},
}